<?xml version="1.0" encoding="UTF-8"?><collection xmlns="http://www.loc.gov/MARC21/slim"><record><leader>00548nam--2200193-i-4500</leader><controlfield tag="001">000043670</controlfield><controlfield tag="002">20161230</controlfield><controlfield tag="005">20161230201044</controlfield><controlfield tag="008">060222s1000------------r-----000-0-eng-d</controlfield><datafield ind1=" " ind2=" " tag="040"><subfield code="a">IFIN-HH</subfield></datafield><datafield ind1=" " ind2=" " tag="080"><subfield code="a">538.911:541.6</subfield></datafield><datafield ind1="1" ind2=" " tag="100"><subfield code="a">O'Keeffe, Michael</subfield></datafield><datafield ind1="1" ind2="0" tag="245"><subfield code="a">Structure and bonding in crystals</subfield><subfield code="c">Michael o'keeffe, alexandra navrotsky (eds.)</subfield></datafield><datafield ind1=" " ind2=" " tag="260"><subfield code="a">New York</subfield><subfield code="b">Academic Press</subfield><subfield code="c">1981</subfield></datafield><datafield ind1=" " ind2=" " tag="300"><subfield code="a">2 VOLUME</subfield></datafield><datafield ind1="1" ind2=" " tag="700"><subfield code="a">Navrotsky, Alexandra</subfield><subfield code="e">Ed</subfield></datafield><datafield ind1="1" ind2=" " tag="787"><subfield code="a">Volume Ii</subfield><subfield code="h">Xv+357p</subfield></datafield><datafield ind1=" " ind2=" " tag="852"><subfield code="a">70691</subfield><subfield code="c">539.2</subfield></datafield><datafield ind1=" " ind2=" " tag="CAT"><subfield code="a">Sys</subfield><subfield code="c">20121106</subfield><subfield code="h">134113</subfield></datafield></record></collection>